@misc{tfg,
    title = {{Aplicaci{\'{o}}n de t{\'{e}}cnicas estad{\'{i}}sticas a registros de red para el an{\'{a}}lisis de tr{\'{a}}fico y explotaci{\'{o}}n de datos}},
    year = {2018},
    author = {Perdices, Daniel},
    institution = {Universidad Aut{\'{o}}noma de Madrid},
    address = {Spain}
}

@inproceedings{8584978,
    title = {{Network Performance Monitoring with Flexible Models of Multi-Point Passive Measurements}},
    year = {2018},
    booktitle = {2018 14th International Conference on Network and Service Management (CNSM)},
    author = {Perdices, Daniel and Muelas, David and Pedro, Luis De and L{\'{o}}pez de Vergara, Jorge E.},
    month = {11},
    pages = {1--9},
    issn = {2165-963X},
    keywords = {Analytical models, Complexity theory, Data models, Monitoring, Parametric statistics, Proposals, Weibull distribution, computer network management, computer network performance evaluation, cost-effective multipoint network measurements, dPRISMA, dynamic network conditions, extreme behaviors, flexible models, management actions, multipoint Passive measurements, network elements, network monitoring, network performance monitoring, networking infrastructures, passive measurements, passive monitoring system, performance bottlenecks, performance issues, performance management, pro-active management, probability, reconfigurable deployments, software defined networking, software-defined networks, statistical analysis, statistical models, statistical multipoint analysis, telecommunication network topology}
}

@article{8745492,
    title = {{On the Modeling of Multi-Point RTT Passive Measurements for Network Delay Monitoring}},
    year = {2019},
    journal = {IEEE Transactions on Network and Service Management},
    author = {Perdices, Daniel and Muelas, David and Prieto, Iria and de Pedro, Luis and de Vergara, Jorge E. Lopez},
    number = {3},
    pages = {1157--1169},
    volume = {16},
    doi = {10.1109/TNSM.2019.2924812},
    issn = {1932-4537},
    keywords = {network delay, network monitoring, passive measurements, performance management, pro-active management., probability, round-trip time}
}

@techreport{ietf-ccamp-flexigrid-media-channel-yang-02,
    title = {{YANG data model for Flexi-Grid media-channels}},
    year = {2019},
    author = {L{\'{o}}pez de Vergara, Jorge E. and Perdices, Daniel and L{\'{o}}pez {\'{A}}lvarez, Victor and Gonz{\'{a}}lez de Dios, Oscar and King, Daniel and Lee, Young and Galimberti, Gabriele},
    number = {draft-ietf-ccamp-flexigrid-media-channel-yang-02},
    month = {3},
    publisher = {Internet Engineering Task Force},
    url = {https://datatracker.ietf.org/doc/html/draft-ietf-ccamp-flexigrid-media-channel-yang-02},
    institution = {Internet Engineering Task Force}
}

@techreport{ietf-ccamp-flexigrid-yang-03,
    title = {{YANG data model for Flexi-Grid Optical Networks}},
    year = {2017},
    author = {L{\'{o}}pez de Vergara, Jorge E and Perdices, Daniel and L{\'{o}}pez {\'{A}}lvarez, Victor and Gonz{\'{a}}lez de Dios, Oscar and King, Daniel and Lee, Young and Galimberti, Gabriele},
    number = {July},
    month = {3},
    publisher = {Internet Engineering Task Force},
    url = {https://datatracker.ietf.org/doc/html/draft-ietf-ccamp-flexigrid-yang-03},
    institution = {Internet Engineering Task Force}
}

@article{Perdices2018FlexiTop:Services,
    title = {{FlexiTop: a flexible and scalable network monitoring system for Over-The-Top services}},
    year = {2018},
    journal = {Network Protocols and Algorithms},
    author = {Perdices, Daniel and L{\'{o}}pez de Vergara, Jorge E and Roquero, Paula and Vega, Carlos and Aracil, Javier},
    number = {3-4},
    pages = {136},
    volume = {9},
    doi = {10.5296/npa.v9i3-4.12488},
    issn = {1943-3581},
    keywords = {OTT services, QoE, QoS, active monitoring, streaming, web services 136}
}

@inproceedings{Perdices2017FlexiTop:OTT,
    title = {{FlexiTop: sistema de medidas de calidad de servicio escalable y flexible para servicios OTT}},
    year = {2017},
    booktitle = {Proceedings XIII Jornadas de Ingenieria Telematica - JITEL2017},
    author = {Perdices, Daniel and L{\'{o}}pez de Vergara, Jorge E. and Roquero, Paula and Vega, Carlos and Aracil, Javier},
    month = {9},
    pages = {1--6},
    publisher = {Universitat Polit{\`{e}}cnica Val{\`{e}}ncia},
    address = {Valencia},
    isbn = {9788490485958},
    doi = {10.4995/jitel2017.2017.6497},
    keywords = {Cap{\'{i}}tulo de libro, Comunicaci{\'{o}}n en congreso, Medidas activas, QoS, Servicios OTT, Servicios web, Streaming, Telematics, spanish}
}