@thesis{tfg,
address = {Spain},
author = {Perdices, Daniel},
institution = {Universidad Aut{\'{o}}noma de Madrid},
title = {{Aplicaci{\'{o}}n de t{\'{e}}cnicas estad{\'{i}}sticas a registros de red para el an{\'{a}}lisis de tr{\'{a}}fico y explotaci{\'{o}}n de datos}},
type = {Bachelor's Thesis},
year = {2018}
}
